@book{DBLP:books/sp/2010BCPP,
  editor    = {Thomas Bartz{-}Beielstein and
               Marco Chiarandini and
               Lu{\'{\i}}s Paquete and
               Mike Preuss},
  title     = {Experimental Methods for the Analysis of Optimization Algorithms},
  publisher = {Springer},
  year      = {2010},
  url       = {https://doi.org/10.1007/978-3-642-02538-9},
  doi       = {10.1007/978-3-642-02538-9},
  isbn      = {978-3-642-02537-2},
  timestamp = {Wed, 29 May 2019 09:31:42 +0200},
  biburl    = {https://dblp.org/rec/books/sp/2010BCPP.bib},
  bibsource = {dblp computer science bibliography, https://dblp.org}
}

@proceedings{DBLP:conf/dagstuhl/2000ea,
  editor    = {Rudolf Fleischer and
               Bernard M. E. Moret and
               Erik Meineche Schmidt},
  title     = {Experimental Algorithmics, From Algorithm Design to Robust and Efficient
               Software [Dagstuhl seminar, September 2000]},
  series    = {Lecture Notes in Computer Science},
  volume    = {2547},
  publisher = {Springer},
  year      = {2002},
  url       = {https://doi.org/10.1007/3-540-36383-1},
  doi       = {10.1007/3-540-36383-1},
  isbn      = {3-540-00346-0},
  timestamp = {Tue, 14 May 2019 10:00:51 +0200},
  biburl    = {https://dblp.org/rec/conf/dagstuhl/2000ea.bib},
  bibsource = {dblp computer science bibliography, https://dblp.org}
}

@inproceedings{DBLP:conf/dagstuhl/DemetrescuFIN00,
  author    = {Camil Demetrescu and
               Irene Finocchi and
               Giuseppe F. Italiano and
               Stefan N{\"{a}}her},
  editor    = {Rudolf Fleischer and
               Bernard M. E. Moret and
               Erik Meineche Schmidt},
  title     = {Visualization in Algorithm Engineering: Tools and Techniques},
  booktitle = {Experimental Algorithmics, From Algorithm Design to Robust and Efficient
               Software [Dagstuhl seminar, September 2000]},
  series    = {Lecture Notes in Computer Science},
  volume    = {2547},
  pages     = {24--50},
  publisher = {Springer},
  year      = {2000},
  url       = {https://doi.org/10.1007/3-540-36383-1\_2},
  doi       = {10.1007/3-540-36383-1\_2},
  timestamp = {Tue, 14 May 2019 10:00:51 +0200},
  biburl    = {https://dblp.org/rec/conf/dagstuhl/DemetrescuFIN00.bib},
  bibsource = {dblp computer science bibliography, https://dblp.org}
}

@inproceedings{DBLP:conf/dagstuhl/Sanders00,
  author    = {Peter Sanders},
  editor    = {Rudolf Fleischer and
               Bernard M. E. Moret and
               Erik Meineche Schmidt},
  title     = {Presenting Data from Experiments in Algorithmics},
  booktitle = {Experimental Algorithmics, From Algorithm Design to Robust and Efficient
               Software [Dagstuhl seminar, September 2000]},
  series    = {Lecture Notes in Computer Science},
  volume    = {2547},
  pages     = {181--196},
  publisher = {Springer},
  year      = {2000},
  url       = {https://doi.org/10.1007/3-540-36383-1\_9},
  doi       = {10.1007/3-540-36383-1\_9},
  timestamp = {Tue, 14 May 2019 10:00:51 +0200},
  biburl    = {https://dblp.org/rec/conf/dagstuhl/Sanders00.bib},
  bibsource = {dblp computer science bibliography, https://dblp.org}
}

@inproceedings{DBLP:conf/dimacs/McGeoch99,
  author    = {Catherine C. McGeoch},
  editor    = {Michael H. Goldwasser and
               David S. Johnson and
               Catherine C. McGeoch},
  title     = {A bibliography of algorithm experimentation},
  booktitle = {Data Structures, Near Neighbor Searches, and Methodology: Fifth and
               Sixth {DIMACS} Implementation Challenges, Proceedings of a {DIMACS}
               Workshop, USA, 1999},
  series    = {{DIMACS} Series in Discrete Mathematics and Theoretical Computer Science},
  volume    = {59},
  pages     = {251--256},
  publisher = {{DIMACS/AMS}},
  year      = {1999},
  url       = {https://doi.org/10.1090/dimacs/059/12},
  doi       = {10.1090/dimacs/059/12},
  timestamp = {Tue, 16 Jul 2019 16:47:56 +0200},
  biburl    = {https://dblp.org/rec/conf/dimacs/McGeoch99.bib},
  bibsource = {dblp computer science bibliography, https://dblp.org}
}

@inproceedings{DBLP:conf/dimacs/Moret99,
  author    = {Bernard M. E. Moret},
  editor    = {Michael H. Goldwasser and
               David S. Johnson and
               Catherine C. McGeoch},
  title     = {Towards a discipline of experimental algorithmics},
  booktitle = {Data Structures, Near Neighbor Searches, and Methodology: Fifth and
               Sixth {DIMACS} Implementation Challenges, Proceedings of a {DIMACS}
               Workshop, USA, 1999},
  series    = {{DIMACS} Series in Discrete Mathematics and Theoretical Computer Science},
  volume    = {59},
  pages     = {197--213},
  publisher = {{DIMACS/AMS}},
  year      = {1999},
  url       = {https://doi.org/10.1090/dimacs/059/10},
  doi       = {10.1090/dimacs/059/10},
  timestamp = {Tue, 16 Jul 2019 16:47:56 +0200},
  biburl    = {https://dblp.org/rec/conf/dimacs/Moret99.bib},
  bibsource = {dblp computer science bibliography, https://dblp.org}
}

@article{DBLP:journals/cacm/McGeoch07,
  author    = {Catherine C. McGeoch},
  title     = {Experimental algorithmics},
  journal   = {Commun. {ACM}},
  volume    = {50},
  number    = {11},
  pages     = {27--31},
  year      = {2007},
  url       = {https://doi.org/10.1145/1297797.1297818},
  doi       = {10.1145/1297797.1297818},
  timestamp = {Tue, 06 Nov 2018 12:51:42 +0100},
  biburl    = {https://dblp.org/rec/journals/cacm/McGeoch07.bib},
  bibsource = {dblp computer science bibliography, https://dblp.org}
}

@article{DBLP:journals/jucs/MoretS01,
  author    = {Bernard M. E. Moret and
               Henry D. Shapiro},
  title     = {Algorithms and Experiments: The New (and Old) Methodology},
  journal   = {J. {UCS}},
  volume    = {7},
  number    = {5},
  pages     = {434--446},
  year      = {2001},
  url       = {https://doi.org/10.3217/jucs-007-05-0434},
  doi       = {10.3217/jucs-007-05-0434},
  timestamp = {Wed, 17 May 2017 14:25:45 +0200},
  biburl    = {https://dblp.org/rec/journals/jucs/MoretS01.bib},
  bibsource = {dblp computer science bibliography, https://dblp.org}
}

@article{DBLP:journals/sigact/McGeochM99,
  author    = {Catherine C. McGeoch and
               Bernard M. E. Moret},
  title     = {How to present a paper on experimental work with algorithms},
  journal   = {{SIGACT} News},
  volume    = {30},
  number    = {4},
  pages     = {85--90},
  year      = {1999},
  url       = {https://doi.org/10.1145/337885.337899},
  doi       = {10.1145/337885.337899},
  timestamp = {Tue, 06 Nov 2018 12:51:30 +0100},
  biburl    = {https://dblp.org/rec/journals/sigact/McGeochM99.bib},
  bibsource = {dblp computer science bibliography, https://dblp.org}
}

@incollection{DBLP:reference/algo/McGeoch08,
  author    = {Catherine C. McGeoch},
  editor    = {Ming{-}Yang Kao},
  title     = {Experimental Methods for Algorithm Analysis},
  booktitle = {Encyclopedia of Algorithms - 2008 Edition},
  publisher = {Springer},
  year      = {2008},
  url       = {https://doi.org/10.1007/978-0-387-30162-4\_135},
  doi       = {10.1007/978-0-387-30162-4\_135},
  timestamp = {Thu, 27 Jun 2019 16:25:31 +0200},
  biburl    = {https://dblp.org/rec/reference/algo/McGeoch08.bib},
  bibsource = {dblp computer science bibliography, https://dblp.org}
}

@incollection{DBLP:series/ncs/Bartz-BeielsteinP14,
  author    = {Thomas Bartz{-}Beielstein and
               Mike Preuss},
  editor    = {Yossi Borenstein and
               Alberto Moraglio},
  title     = {Experimental Analysis of Optimization Algorithms: Tuning and Beyond},
  booktitle = {Theory and Principled Methods for the Design of Metaheuristics},
  series    = {Natural Computing Series},
  pages     = {205--245},
  publisher = {Springer},
  year      = {2014},
  url       = {https://doi.org/10.1007/978-3-642-33206-7\_10},
  doi       = {10.1007/978-3-642-33206-7\_10},
  timestamp = {Wed, 14 Nov 2018 10:12:16 +0100},
  biburl    = {https://dblp.org/rec/series/ncs/Bartz-BeielsteinP14.bib},
  bibsource = {dblp computer science bibliography, https://dblp.org}
}
